@INPROCEEDINGS{Bertin-Mahieux2011,
  author = {Thierry Bertin-Mahieux and Daniel P.W. Ellis and Brian Whitman and Paul Lamere},
  title = {The Million Song Dataset},
  booktitle = {{Proceedings of the 12th International Conference on Music Information
	Retrieval ({ISMIR} 2011)}},
  year = {2011},
  owner = {thierry},
  timestamp = {2010.03.07}
}

@ONLINE {msd,
    title = "Million Song Dataset",
    url   = "https://labrosa.ee.columbia.edu/millionsong/"
}

@ONLINE {musixmatch,
    title = "The musiXmatch Dataset",
    url   = "https://labrosa.ee.columbia.edu/millionsong/musixmatch"
}

@ONLINE {tasteprofile,
    title = "The Echo Nest Taste Profile Subset",
    url   = "https://labrosa.ee.columbia.edu/millionsong/tasteprofile"
}

@ONLINE {echonest,
    title = "The Echo Nest",
    url   = "http://the.echonest.com"
}

@ONLINE {ofcom,
    title = "Ofcom explores latest attitudes to offensive language",
    url   = "https://www.ofcom.org.uk/about-ofcom/latest/media/media-releases/2016/attitudes-to-offensive-language"
}